@article{jagadish2014big,
  title={Big data and its technical challenges},
  author={Jagadish, HV and Gehrke, Johannes and Labrinidis, Alexandros and Papakonstantinou, Yannis and Patel, Jignesh M and Ramakrishnan, Raghu and Shahabi, Cyrus},
  journal={Communications of the ACM},
  volume={57},
  number={7},
  pages={86--94},
  year={2014},
  publisher={ACM}
}

@misc{marx2013biology,
  title={Biology: The big challenges of big data},
  author={Marx, Vivien},
  year={2013},
  publisher={Nature Publishing Group}
}

@inproceedings{birnholtz2003data,
  title={Data at work: supporting sharing in science and engineering},
  author={Birnholtz, Jeremy P and Bietz, Matthew J},
  booktitle={Proceedings of the 2003 international ACM SIGGROUP conference on Supporting group work},
  pages={339--348},
  year={2003},
  organization={ACM}
}

@inproceedings{foster2003virtual,
  title={The Virtual Data Grid: A New Model and Architecture for Data-Intensive Collaboration.},
  author={Foster, Ian T and V{\"o}ckler, Jens-S and Wilde, Michael and Zhao, Yong},
  booktitle={CIDR},
  year={2003},
  organization={Citeseer}
}

@article{zhao2006virtual,
  title={Virtual data Grid middleware services for data-intensive science},
  author={Zhao, Yong and Wilde, Michael and Foster, Ian and Voeckler, Jens and Dobson, James and Gilbert, Eric and Jordan, Thomas and Quigg, Elizabeth},
  journal={Concurrency and Computation: Practice and Experience},
  volume={18},
  number={6},
  pages={595--608},
  year={2006},
  publisher={Wiley Online Library}
}

@inproceedings{pavlo2009comparison,
  title={A comparison of approaches to large-scale data analysis},
  author={Pavlo, Andrew and Paulson, Erik and Rasin, Alexander and Abadi, Daniel J and DeWitt, David J and Madden, Samuel and Stonebraker, Michael},
  booktitle={Proceedings of the 2009 ACM SIGMOD International Conference on Management of data},
  pages={165--178},
  year={2009},
  organization={ACM}
}

@article{winter2007electronic,
  title={An “Electronic Fluorescent Pictograph” browser for exploring and analyzing large-scale biological data sets},
  author={Winter, Debbie and Vinegar, Ben and Nahal, Hardeep and Ammar, Ron and Wilson, Greg V and Provart, Nicholas J},
  journal={PloS one},
  volume={2},
  number={8},
  pages={e718},
  year={2007},
  publisher={Public Library of Science}
}

@article{creasy1981origin,
  title={The origin of the VM/370 time-sharing system},
  author={Creasy, Robert J.},
  journal={IBM Journal of Research and Development},
  volume={25},
  number={5},
  pages={483--490},
  year={1981},
  publisher={IBM}
}

@article{gupta2015comparison,
  title={Comparison between security majors in virtual machine and linux containers},
  author={Gupta, Udit},
  journal={arXiv preprint arXiv:1507.07816},
  year={2015}
}

@article{rosen2014linux,
  title={Linux containers and the future cloud},
  author={Rosen, Rami},
  journal={Linux J},
  volume={240},
  number={4},
  pages={86--95},
  year={2014}
}

@article{bui2015analysis,
  title={Analysis of docker security},
  author={Bui, Thanh},
  journal={arXiv preprint arXiv:1501.02967},
  year={2015}
}

@inproceedings{xavier2013performance,
  title={Performance evaluation of container-based virtualization for high performance computing environments},
  author={Xavier, Miguel G and Neves, Marcelo V and Rossi, Fabio D and Ferreto, Tiago C and Lange, Timoteo and De Rose, Cesar AF},
  booktitle={Parallel, Distributed and Network-Based Processing (PDP), 2013 21st Euromicro International Conference on},
  pages={233--240},
  year={2013},
  organization={IEEE}
}

@article{yu2015building,
  title={Building a virtual HPC cluster with auto scaling by the docker},
  author={Yu, Hsi-En and Huang, Weicheng},
  journal={arXiv preprint arXiv:1509.08231},
  year={2015}
}

@article{jacobsen2015contain,
  title={Contain this, unleashing docker for hpc},
  author={Jacobsen, Douglas M and Canon, Richard Shane},
  journal={Proceedings of the Cray User Group},
  year={2015}
}

@article{kniep2014containerization,
  title={Containerization of high performance compute workloads using docker},
  author={Kniep, Christian},
  journal={doc. qnib. org},
  year={2014}
}

@inproceedings{wang2013mobile,
  title={Mobile micro-cloud: Application classification, mapping, and deployment},
  author={Wang, Shiqiang and Tu, Guan-Hua and Ganti, Raghu and He, Ting and Leung, Kin and Tripp, Howard and Warr, Katy and Zafer, Murtaza},
  booktitle={Proc. Annual Fall Meeting of ITA (AMITA)},
  year={2013}
}

@inproceedings{hazelhurst2008scientific,
  title={Scientific computing using virtual high-performance computing: a case study using the Amazon elastic computing cloud},
  author={Hazelhurst, Scott},
  booktitle={Proceedings of the 2008 annual research conference of the South African Institute of Computer Scientists and Information Technologists on IT research in developing countries: riding the wave of technology},
  pages={94--103},
  year={2008},
  organization={ACM}
}

@inproceedings{jackson2010performance,
  title={Performance analysis of high performance computing applications on the amazon web services cloud},
  author={Jackson, Keith R and Ramakrishnan, Lavanya and Muriki, Krishna and Canon, Shane and Cholia, Shreyas and Shalf, John and Wasserman, Harvey J and Wright, Nicholas J},
  booktitle={Cloud Computing Technology and Science (CloudCom), 2010 IEEE Second International Conference on},
  pages={159--168},
  year={2010},
  organization={IEEE}
}

@article{mauch2013high,
  title={High performance cloud computing},
  author={Mauch, Viktor and Kunze, Marcel and Hillenbrand, Marius},
  journal={Future Generation Computer Systems},
  volume={29},
  number={6},
  pages={1408--1416},
  year={2013},
  publisher={Elsevier}
}

@article{mesirov2010accessible,
  title={Accessible reproducible research},
  author={Mesirov, Jill P},
  journal={Science},
  volume={327},
  number={5964},
  pages={415--416},
  year={2010},
  publisher={American Association for the Advancement of Science}
}

@article{barga2011bioinformatics,
  title={Bioinformatics and data-intensive scientific discovery in the beginning of the 21st century},
  author={Barga, Roger and Howe, Bill and Beck, David and Bowers, Stuart and Dobyns, William and Haynes, Winston and Higdon, Roger and Howard, Chris and Roth, Christian and Stewart, Elizabeth and others},
  journal={Omics: a journal of integrative biology},
  volume={15},
  number={4},
  pages={199--201},
  year={2011},
  publisher={Mary Ann Liebert, Inc. 140 Huguenot Street, 3rd Floor New Rochelle, NY 10801 USA}
}

@article{connor2016climb,
  title={CLIMB (the Cloud Infrastructure for Microbial Bioinformatics): an online resource for the medical microbiology community},
  author={Connor, Thomas R and Loman, Nicholas J and Thompson, Simon and Smith, Andy and Southgate, Joel and Poplawski, Radoslaw and Bull, Matthew J and Richardson, Emily and Ismail, Matthew and Elwood-Thompson, Simon and others},
  journal={Microbial genomics},
  volume={2},
  number={9},
  year={2016},
  publisher={Microbiology Society}
}

@article{afgan2015genomics,
  title={Genomics virtual laboratory: a practical bioinformatics workbench for the cloud},
  author={Afgan, Enis and Sloggett, Clare and Goonasekera, Nuwan and Makunin, Igor and Benson, Derek and Crowe, Mark and Gladman, Simon and Kowsar, Yousef and Pheasant, Michael and Horst, Ron and others},
  journal={PloS one},
  volume={10},
  number={10},
  pages={e0140829},
  year={2015},
  publisher={Public Library of Science}
}

@article{liu2014cloud,
  title={Cloud-based bioinformatics workflow platform for large-scale next-generation sequencing analyses},
  author={Liu, Bo and Madduri, Ravi K and Sotomayor, Borja and Chard, Kyle and Lacinski, Lukasz and Dave, Utpal J and Li, Jianqiang and Liu, Chunchen and Foster, Ian T},
  journal={Journal of biomedical informatics},
  volume={49},
  pages={119--133},
  year={2014},
  publisher={Elsevier}
}

@article{vivian2017toil,
  title={Toil enables reproducible, open source, big biomedical data analyses},
  author={Vivian, John and Rao, Arjun Arkal and Nothaft, Frank Austin and Ketchum, Christopher and Armstrong, Joel and Novak, Adam and Pfeil, Jacob and Narkizian, Jake and Deran, Alden D and Musselman-Brown, Audrey and others},
  journal={Nature biotechnology},
  volume={35},
  number={4},
  pages={314},
  year={2017},
  publisher={Nature Publishing Group}
}


% BLOG

@MISC{dell_container_perf,
    author = {Dandapanthula, Stanfield},
    title = {Containers, Docker, Virtual Machines and HPC},
    type = {Blog},
    year = {2014},
    note = {[Online; accessed Sep 04, 2016]},
    howpublished = {\url{http://en.community.dell.com/techcenter/high-performance-computing/b/general_hpc/archive/2014/11/04/containers-docker-virtual-machines-and-hpc}}
}

@article{gholami2016big,
  title={Big data security and privacy issues in the cloud},
  author={Gholami, Ali and Laure, Erwin},
  journal={International Journal of Network Security \& Its Applications (IJNSA), Issue January},
  year={2016}
}

@article{abouelmehdi2017big,
  title={Big data security and privacy in healthcare: A Review},
  author={Abouelmehdi, Karim and Beni-Hssane, Abderrahim and Khaloufi, Hayat and Saadi, Mostafa},
  journal={Procedia Computer Science},
  volume={113},
  pages={73--80},
  year={2017},
  publisher={Elsevier}
}

@article{sun2014data,
  title={Data security and privacy in cloud computing},
  author={Sun, Yunchuan and Zhang, Junsheng and Xiong, Yongping and Zhu, Guangyu},
  journal={International Journal of Distributed Sensor Networks},
  volume={10},
  number={7},
  pages={190903},
  year={2014},
  publisher={SAGE Publications Sage UK: London, England}
}

@article{paajanen2017critical,
  title={A critical comparison of technologies for a plant genome sequencing project},
  author={Paajanen, Pirita and Kettleborough, George and Lopez-Girona, Elena and Giolai, Michael and Heavens, Darren and Baker, David and Lister, Ashleigh and Wilde, Gail and Hein, Ingo and Macaulay, Iain and others},
  journal={bioRxiv},
  pages={201830},
  year={2017},
  publisher={Cold Spring Harbor Laboratory}
}

@article{afgan2016galaxy,
  title={The Galaxy platform for accessible, reproducible and collaborative biomedical analyses: 2016 update},
  author={Afgan, Enis and Baker, Dannon and Van den Beek, Marius and Blankenberg, Daniel and Bouvier, Dave and {\v{C}}ech, Martin and Chilton, John and Clements, Dave and Coraor, Nate and Eberhard, Carl and others},
  journal={Nucleic acids research},
  volume={44},
  number={W1},
  pages={W3--W10},
  year={2016},
  publisher={Oxford University Press}
}

@article{afgan2012cloudman,
  title={CloudMan as a platform for tool, data, and analysis distribution},
  author={Afgan, Enis and Chapman, Brad and Taylor, James},
  journal={BMC bioinformatics},
  volume={13},
  number={1},
  pages={315},
  year={2012},
  publisher={BioMed Central}
}

@article{merkel2014docker,
  title={Docker: lightweight linux containers for consistent development and deployment},
  author={Merkel, Dirk},
  journal={Linux Journal},
  volume={2014},
  number={239},
  pages={2},
  year={2014},
  publisher={Belltown Media}
}

@article{boettiger2015introduction,
  title={An introduction to Docker for reproducible research},
  author={Boettiger, Carl},
  journal={ACM SIGOPS Operating Systems Review},
  volume={49},
  number={1},
  pages={71--79},
  year={2015},
  publisher={ACM}
}

@article{quetier2007scalability,
  title={Scalability comparison of four host virtualization tools},
  author={Qu{\'e}tier, Benjamin and Neri, Vincent and Cappello, Franck},
  journal={Journal of Grid Computing},
  volume={5},
  number={1},
  pages={83--98},
  year={2007},
  publisher={Springer}
}

@inproceedings{soltesz2007container,
  title={Container-based operating system virtualization: a scalable, high-performance alternative to hypervisors},
  author={Soltesz, Stephen and P{\"o}tzl, Herbert and Fiuczynski, Marc E and Bavier, Andy and Peterson, Larry},
  booktitle={ACM SIGOPS Operating Systems Review},
  volume={41},
  number={3},
  pages={275--287},
  year={2007},
  organization={ACM}
}

@inproceedings{dua2014virtualization,
  title={Virtualization vs containerization to support paas},
  author={Dua, Rajdeep and Raja, A Reddy and Kakadia, Dharmesh},
  booktitle={Cloud Engineering (IC2E), 2014 IEEE International Conference on},
  pages={610--614},
  year={2014},
  organization={IEEE}
}

@article{kolyshkin2006virtualization,
  title={Virtualization in linux},
  author={Kolyshkin, Kirill},
  journal={White paper, OpenVZ},
  volume={3},
  pages={39},
  year={2006}
}

@inproceedings{che2010synthetical,
  title={A synthetical performance evaluation of openvz, xen and kvm},
  author={Che, Jianhua and Shi, Congcong and Yu, Yong and Lin, Weimin},
  booktitle={Services Computing Conference (APSCC), 2010 IEEE Asia-Pacific},
  pages={587--594},
  year={2010},
  organization={IEEE}
}

@inproceedings{rizki2016performance,
  title={Performance analysis of container-based hadoop cluster: Openvz and lxc},
  author={Rizki, Rizki and Rakhmatsyah, Andrian and Nugroho, M Arief},
  booktitle={Information and Communication Technology (ICoICT), 2016 4th International Conference on},
  pages={1--4},
  year={2016},
  organization={IEEE}
}

@inproceedings{price2004solaris,
  title={Solaris Zones: Operating System Support for Consolidating Commercial Workloads.},
  author={Price, Daniel and Tucker, Andrew},
  booktitle={LISA},
  volume={4},
  pages={241--254},
  year={2004}
}

@article{benedicic2017portable,
  title={Portable, high-performance containers for HPC},
  author={Benedicic, Lucas and Cruz, Felipe A and Madonna, Alberto and Mariotti, Kean},
  journal={arXiv preprint arXiv:1704.03383},
  year={2017}
}

@article{arango2017performance,
  title={Performance Evaluation of Container-based Virtualization for High Performance Computing Environments},
  author={Arango, Carlos and Dernat, R{\'e}my and Sanabria, John},
  journal={arXiv preprint arXiv:1709.10140},
  year={2017}
}

@article{alterovitz2018enabling,
  title={Enabling Precision Medicine via standard communication of NGS provenance, analysis, and results},
  author={Alterovitz, Gil and Dean, Dennis A and Goble, Carole and Crusoe, Michael R and Soiland-Reyes, Stian and Bell, Amanda and Hayes, Anais and Suresh, Anita and King, Charles Hadley S and Taylor, Dan and others},
  journal={bioRxiv},
  pages={191783},
  year={2018},
  publisher={Cold Spring Harbor Laboratory}
}






% IMAGE REFERENCES

@MISC{Wikipedia_hypervisors,
    author = {{Wikipedia, the free encyclopedia}},
    title = {Hypervisor},
    year = {2011},
    note = {[Online; accessed April 17, 2017]},
    url = {https://en.wikipedia.org/wiki/Hypervisor}
}

@MISC{enterprise_hypercont_diff,
    author = {{Enterprise IoT Insights}},
    title = {Edge computing workloads: VMs, containers, or bare metal?},
    year = {2017},
    note = {[Online; accessed November, 2017]},
    url = {https://enterpriseiotinsights.com/20171010/opinion/edge-computing-workloads-vms-containers-or-bare-metal-tag10}
}

@MISC{ms_docker,
    author = {Various},
    title = {What is Docker?},
    year = {2017},
    note = {[Online; accessed July, 2018]},
    url = {https://docs.microsoft.com/en-us/dotnet/standard/microservices-architecture/container-docker-introduction/docker-defined}
}

@MISC{aws_sa,
    title = {Amazon says it may build SA data centres},
    year = {2017},
    note = {[Online; accessed July, 2018]},
    url = {https://techcentral.co.za/amazon-says-may-build-sa-data-centres/78626/}
}

@MISC{azure_sa,
    author = {{McKane, J.}},
    title = {Be ready for Azure servers in South Africa – Microsoft},
    year = {2018},
    note = {[Online; accessed July, 2018]},
    url = {https://mybroadband.co.za/news/cloud-hosting/248475-be-ready-for-azure-servers-in-south-africa-microsoft.html}
}

@article{navale2018cloud,
  title={Cloud computing applications for biomedical science: A perspective},
  author={Navale, Vivek and Bourne, Philip E},
  journal={PLoS computational biology},
  volume={14},
  number={6},
  pages={e1006144},
  year={2018},
  publisher={Public Library of Science}
}


% WEBSITE

@MISC{nectar_cloud,
    title = {NeCTAR Research Cloud},
    note = {[Online; accessed June, 2018]},
    url = {https://nectar.org.au/research-cloud/}
}

@MISC{linuxvserver,
    title = {Linux Vserver Website},
    note = {[Online; accessed August, 2017]},
    url = {http://linux-vserver.org/News}
}

@MISC{backblaze,
    title = {Hard Drive Cost Per Gigabyte},
    note = {[Online; accessed July, 2018]},
    url = {https://www.backblaze.com/blog/hard-drive-cost-per-gigabyte/}
}

@MISC{linuxcontainerscom,
    title= {Getting started},
    note = {[Online; accessed July, 2018]},
    url = {https://linuxcontainers.org/lxc/getting-started/}
}
